@inproceedings{KDR,
  author = " Kenji Fukumizu and  Francis R. Bach and  Michael I. Jordan",
  title = " Kernel Dimensionality Reduction for Supervised Learning",
  booktitle = "Advances in Neural Information Processing Systems 16",
  editor = "Sebastian Thrun and Lawrence Saul and Bernhard {Sch\"{o}lkopf}",
  publisher = "MIT Press",
  address = "Cambridge, MA",
  year = "2004",
  keywords = "dimensionality reduction, variable selection, feature selection, supervised learning, regression, kernel, conditional independence",
}

@article{bayesianMMjmlr10,
  author    = {Kai Mao and Feng Liang and Sayan Mukherjee},
  title     = {Supervised Dimension Reduction Using Bayesian Mixture Modeling},
  journal   = {Journal of Machine Learning Research - Proceedings Track},
  volume    = {9},
  year      = {2010},
  pages     = {501-508},
  ee        = {http://www.jmlr.org/proceedings/papers/v9/mao10a.html},
  bibsource = {DBLP, http://dblp.uni-trier.de}
}

@inproceedings{LLDA06icml,
  author    = {Masashi Sugiyama},
  title     = {Local Fisher discriminant analysis for supervised dimensionality reduction},
  booktitle = {ICML},
  year      = {2006},
  pages     = {905-912},
  ee        = {http://doi.acm.org/10.1145/1143844.1143958},
  crossref  = {DBLP:conf/icml/2006},
  bibsource = {DBLP, http://dblp.uni-trier.de}
}

@misc{LDAwiki,
	howpublished = {\url{http://en.wikipedia.org/wiki/Linear_discriminant_analysis}},
}

@misc{CODwiki,
	howpublished = {\url{http://en.wikipedia.org/wiki/Curse_of_dimensionality}},
}

@inproceedings{VinayCWM05,
  title = {A comparison of dimensionality reduction techniques for text retrieval},
  author = {Vishwa Vinay and Ingemar J. Cox and Kenneth R. Wood and Natasa Milic-Frayling},
  year = {2005},
  doi = {http://dx.doi.org/10.1109/ICMLA.2005.2},
  researchr = {http://researchr.org/publication/VinayCWM05},
  cites = {0},
  citedby = {0},
  booktitle = {Fourth International Conference on Machine Learning and Applications, ICMLA 2005, Los Angeles, California, USA, 15-17 December 2005},
  editor = {M. Arif Wani and Mariofanna G. Milanova and Lukasz A. Kurgan and Marek Reformat and Khalid Hafeez},
  publisher = {IEEE Computer Society},
  isbn = {0-7695-2495-8},
}

@inproceedings{Chikhi:2007:CDR,
 author = {Chikhi, Nacim Fateh and Rothenburger, Bernard and Aussenac-Gilles, Nathalie},
 title = {A Comparison of Dimensionality Reduction Techniques for Web Structure Mining},
 booktitle = {Proceedings of the IEEE/WIC/ACM International Conference on Web Intelligence},
 series = {WI '07},
 year = {2007},
 isbn = {0-7695-3026-5},
 pages = {116--119},
 numpages = {4},
 url = {http://dx.doi.org/10.1109/WI.2007.6},
 doi = {http://dx.doi.org/10.1109/WI.2007.6},
 acmid = {1331812},
 publisher = {IEEE Computer Society},
 address = {Washington, DC, USA},
}

@INPROCEEDINGS{Shlens05atutorial,
    author = {Jonathon Shlens},
    title = {A tutorial on Principal Component Analysis},
    booktitle = {Systems Neurobiology Laboratory, Salk Institute for Biological Studies},
    year = {2005}
}

@article{citeulike1036980,
    address = {Cambridge, MA, USA},
    author = {Schlkopf, Bernhard and Smola, Alexander J. and M\"{u}ller, Klaus R.},
    citeulike-article-id = {1036980},
    citeulike-linkout-0 = {http://citeseerx.ist.psu.edu/viewdoc/summary?doi=10.1.1.31.3580},
    journal = {Advances in kernel methods: support vector learning},
    keywords = {latent-semantic-kernels-etc},
    pages = {327--352},
    posted-at = {2009-10-27 03:18:36},
    priority = {2},
    publisher = {MIT Press},
    title = {{Kernel principal component analysis}},
    url = {http://citeseerx.ist.psu.edu/viewdoc/summary?doi=10.1.1.31.3580},
    year = {1999}
}

@INPROCEEDINGS{Sugiyama06localfisher,
    author = {Masashi Sugiyama},
    title = {Local Fisher discriminant analysis for supervised dimensionality reduction},
    booktitle = {Proceedings of 23rd International Conference on Machine Learning},
    year = {2006},
    pages = {905--912},
    publisher = {ACM}
}

@MISC{Zhang_maximummargin,
    author = {Kai Zhang and Ivor W. Tsang and James T. Kwok},
    title = {Maximum Margin Clustering Made Practical},
    year = {}
}

@inproceedings{Kumar+al:NIPS10,
  title = {Self-Paced Learning for Latent Variable Models},
  author = {P. Kumar and B. Packer and D. Koller},
  booktitle =    "Advances in Neural Information Processing Systems
                 (NIPS 2010)",
  year = 2010,
}

@inproceedings{conf/nips/ValizadeganJ06,
  author = {Valizadegan, Hamed and Jin, Rong},
  editor = {Schölkopf, Bernhard and Platt, John and Hoffman, Thomas},
  booktitle = {NIPS},
  crossref = {conf/nips/2006},
  interhash = {d311b3400f9ee1d917d940dc7839ee96},
  intrahash = {8bbafbc8730a4ae7e01c82b07582c5a6},
  pages = {1417-1424},
  publisher = {MIT Press},
  title = {Generalized Maximum Margin Clustering and Unsupervised Kernel Learning.},
  url = {http://dblp.uni-trier.de/db/conf/nips/nips2006.html#ValizadeganJ06},
  year = 2006,
  timestamp = {2007-10-25T00:00:00.000+0200},
  keywords = {dblp},
  ee = {http://books.nips.cc/papers/files/nips19/NIPS2006_0273.pdf},
  added-at = {2007-10-25T00:00:00.000+0200},
  description = {dblp},
  isbn = {0-262-19568-2},
  biburl = {http://www.bibsonomy.org/bibtex/28bbafbc8730a4ae7e01c82b07582c5a6/dblp},
  date = {2007-10-25}
}

@INPROCEEDINGS{Bengio04out-of-sampleextensions,
    author = {Yoshua Bengio and Jean-François Paiement and Pascal Vincent and Olivier Delalleau and Nicolas Le Roux and Marie Ouimet},
    title = {Out-of-Sample Extensions for LLE, Isomap, MDS, Eigenmaps, and Spectral Clustering},
    booktitle = {In Advances in Neural Information Processing Systems},
    year = {2004},
    pages = {177--184},
    publisher = {MIT Press}
}

@INPROCEEDINGS{Tang_comparingand,
    author = {Bin Tang and Michael Shepherd and Evangelos Milios and Malcolm I. Heywood},
    title = {Comparing and Combining Dimension Reduction Techniques for Efficient Text Clustering},
    booktitle = {Proceedings of the Workshop on Feature Selection for Data Mining, SIAM Data Mining, 2005},
    year = {}
}

@article{Huang:2006:MAR,
 author = {Huang, Lin-Lin and Shimizu, Akinobu},
 title = {A multi-expert approach for robust face detection},
 journal = {Pattern Recogn.},
 volume = {39},
 issue = {9},
 month = {September},
 year = {2006},
 issn = {0031-3203},
 pages = {1695--1703},
 numpages = {9},
 url = {http://dl.acm.org/citation.cfm?id=1220973.1221341},
 doi = {10.1016/j.patcog.2005.11.020},
 acmid = {1221341},
 publisher = {Elsevier Science Inc.},
 address = {New York, NY, USA},
 keywords = {Combination, Face detection, Multiple experts, Pattern classifier, Polynomial neural network classifier},
}

@inbook{Akhloufi_Bendada_Batsale_2009, title={Multispectral face recognition using non linear dimensionality reduction}, volume={7341}, url={http://link.aip.org/link/?PSI/7341/73410J}, number={1}, booktitle={Visual Information Processing XVIII}, publisher={SPIE}, author={Akhloufi, Moulay A and Bendada, Abdelhakim and Batsale, Jean Christophe}, editor={Rahman, Zia Ur and Reichenbach, Stephen E and Neifeld, Mark AEditors}, year={2009}}

@INPROCEEDINGS{1344986,
author={ Xiao Luo and Zincir-Heywood, A.N.},
booktitle={Electrical and Computer Engineering, 2004. Canadian Conference on},
title={Evaluation of three dimensionality reduction techniques for document classification},
year={2004},
month={may},
volume={1},
number={},
pages={ 181 - 184 Vol.1},
keywords={ automated text analysis tools; computational complexity; computational cost; data processing; data representation; dimensionality reduction techniques; document categorization; document classification; document representation; hierarchical self organizing feature map architecture; information retrieval; inter-vector distances; latent semantic indexing; machine learning methods; random mapping; classification; computational complexity; data structures; information retrieval; learning (artificial intelligence); self-organising feature maps; text analysis;},
doi={10.1109/CCECE.2004.1344986},
ISSN={0840-7789 },}

@misc{FDAwiki,
	howpublished = {\url{http://en.wikipedia.org/wiki/Linear_discriminant_analysis}},
}
